<record><leader>00000cas a22000007a 4500</leader><controlfield tag="001">25761978</controlfield><controlfield tag="008">920505d19241924ncuwr ne      0    0eng d</controlfield><datafield ind1=" " ind2=" " tag="010"><subfield code="a">sn 92074040 </subfield></datafield><datafield ind1=" " ind2=" " tag="040"><subfield code="a">NVJ</subfield><subfield code="b">eng</subfield><subfield code="c">NVJ</subfield><subfield code="d">OCLCQ</subfield></datafield><datafield ind1=" " ind2=" " tag="042"><subfield code="a">msc</subfield></datafield><datafield ind1="0" ind2="4" tag="245"><subfield code="a">The News dispatch, the Sampson Democrat.</subfield></datafield><datafield ind1="1" ind2="7" tag="246"><subfield code="a">News dispatch and Sampson Democrat</subfield></datafield><datafield ind1=" " ind2=" " tag="260"><subfield code="a">Clinton, N.C. :</subfield><subfield code="b">W.W. Casteel</subfield></datafield><datafield ind1=" " ind2=" " tag="300"><subfield code="a">v.</subfield></datafield><datafield ind1=" " ind2=" " tag="310"><subfield code="a">Weekly</subfield></datafield><datafield ind1="0" ind2=" " tag="362"><subfield code="a">15th year (Mar. 6, 1924)-15th year (Mar. 20, 1924).</subfield></datafield><datafield ind1=" " ind2=" " tag="752"><subfield code="a">United States</subfield><subfield code="b">North Carolina</subfield><subfield code="c">Sampson</subfield><subfield code="d">Clinton.</subfield></datafield><datafield ind1="0" ind2="4" tag="780"><subfield code="t">Sampson Democrat</subfield><subfield code="w">(DLC)sn 84020726</subfield></datafield><datafield ind1="0" ind2="4" tag="780"><subfield code="t">News dispatch</subfield><subfield code="w">(DLC)sn 91068085</subfield></datafield><datafield ind1="0" ind2="0" tag="785"><subfield code="t">Sampson independent</subfield><subfield code="w">(DLC)sn 91068086</subfield></datafield></record>